<?xml version="1.0" encoding="UTF-8"?><record xmlns="http://www.loc.gov/MARC21/slim" xmlns:cinclude="http://apache.org/cocoon/include/1.0" xmlns:zs="http://www.loc.gov/zing/srw/">
  <leader>00482nz  a2200133n  4500</leader>
  <controlfield tag="001">n  00076932 </controlfield>
  <controlfield tag="003">DLC</controlfield>
  <controlfield tag="005">20000925123717.0</controlfield>
  <controlfield tag="008">000925n| acannaabn          |n aaa      </controlfield>
  <datafield tag="010" ind1=" " ind2=" ">
    <subfield code="a">n  00076932 </subfield>
  </datafield>
  <datafield tag="040" ind1=" " ind2=" ">
    <subfield code="a">DLC</subfield>
    <subfield code="b">eng</subfield>
    <subfield code="c">DLC</subfield>
  </datafield>
  <datafield tag="100" ind1="1" ind2=" ">
    <subfield code="a">McCarthy, Isabel Tracy,</subfield>
    <subfield code="d">1918-1999</subfield>
  </datafield>
  <datafield tag="670" ind1=" " ind2=" ">
    <subfield code="a">NUCMC data from Montana Historical Society for Her Interview, 1986</subfield>
    <subfield code="b">(Isabel Tracy Mccarthy (b. 1918); Anaconda, Mont.)</subfield>
  </datafield>
  <datafield tag="670" ind1=" " ind2=" ">
    <subfield code="a">SSDI, Sept. 25, 2000</subfield>
    <subfield code="b">(Isabel McCarthy; b. 13 Nov 1918; d. 14 Jan 1999)</subfield>
  </datafield>
</record>